<?xml version="1.0" encoding="UTF-8"?><collection xmlns="http://www.loc.gov/MARC21/slim"><record><leader>00446nam--2200169-i-4500</leader><controlfield tag="001">000017179</controlfield><controlfield tag="002">20161230</controlfield><controlfield tag="005">20170107004508</controlfield><controlfield tag="008">060222s1000------------r-----000-0-eng-d</controlfield><datafield ind1=" " ind2=" " tag="080"><subfield code="a">432.5</subfield></datafield><datafield ind1=" " ind2=" " tag="100"><subfield code="a">Kov©Łcs, Adalbert</subfield></datafield><datafield ind1=" " ind2=" " tag="245"><subfield code="a">Neue mathematische aspekte in der hydrodynamik der profilnetze</subfield></datafield><datafield ind1=" " ind2=" " tag="260"><subfield code="a">Timisoara</subfield><subfield code="b">Universitatea Din Timisoara</subfield><subfield code="c">1992</subfield></datafield><datafield ind1=" " ind2=" " tag="300"><subfield code="a">140 p</subfield></datafield><datafield ind1=" " ind2=" " tag="490"><subfield code="a">48</subfield></datafield><datafield ind1=" " ind2=" " tag="852"><subfield code="a">74616</subfield></datafield><datafield ind1=" " ind2=" " tag="CAT"><subfield code="a">SYS</subfield><subfield code="c">20170107</subfield><subfield code="h">004508</subfield></datafield></record></collection>